[
  {
    "side": "BUY",
    "price": 5012606,
    "size": 0.33,
    "exec_date": "2021-09-27T09:41:40.7367779Z"
  },
  {
    "side": "BUY",
    "price": 5012999,
    "size": 0.33,
    "exec_date": "2021-09-27T09:42:40.741778Z"
  },
  {
    "side": "BUY",
    "price": 5012999,
    "size": 0.16,
    "exec_date": "2021-09-27T09:42:40.741778Z"
  },
  {
    "side": "BUY",
    "price": 5013135,
    "size": 0.2,
    "exec_date": "2021-09-27T09:43:40.8475684Z"
  },
  {
    "side": "BUY",
    "price": 5013266,
    "size": 0.48,
    "exec_date": "2021-09-27T09:43:40.8475684Z"
  },
  {
    "side": "BUY",
    "price": 5013999,
    "size": 0.52,
    "exec_date": "2021-09-27T09:43:40.8475684Z"
  },
  {
    "side": "BUY",
    "price": 5013999,
    "size": 0.41,
    "exec_date": "2021-09-27T09:43:40.8475684Z"
  },
  {
    "side": "BUY",
    "price": 5013999,
    "size": 0.56,
    "exec_date": "2021-09-27T09:44:40.8812393Z"
  },
  {
    "side": "BUY",
    "price": 5013952,
    "size": 0.273,
    "exec_date": "2021-09-27T09:44:41.0765466Z"
  },
  {
    "side": "BUY",
    "price": 5013999,
    "size": 0.39,
    "exec_date": "2021-09-27T09:44:41.0765466Z"
  },
  {
    "side": "BUY",
    "price": 5014006,
    "size": 0.41,
    "exec_date": "2021-09-27T09:44:41.0765466Z"
  },
  {
    "side": "BUY",
    "price": 5014006,
    "size": 0.067,
    "exec_date": "2021-09-27T09:44:41.0765466Z"
  },
  {
    "side": "BUY",
    "price": 5014006,
    "size": 0.473,
    "exec_date": "2021-09-27T09:44:41.433384Z"
  },
  {
    "side": "BUY",
    "price": 5014067,
    "size": 0.24,
    "exec_date": "2021-09-27T09:44:41.433384Z"
  },
  {
    "side": "BUY",
    "price": 5014227,
    "size": 0.34,
    "exec_date": "2021-09-27T09:44:41.433384Z"
  },
  {
    "side": "BUY",
    "price": 5014412,
    "size": 0.03,
    "exec_date": "2021-09-27T09:44:41.433384Z"
  },
  {
    "side": "BUY",
    "price": 5014409,
    "size": 0.54,
    "exec_date": "2021-09-27T09:44:42.6021108Z"
  },
  {
    "side": "BUY",
    "price": 5014518,
    "size": 0.44,
    "exec_date": "2021-09-27T09:44:42.7637067Z"
  },
  {
    "side": "BUY",
    "price": 5014518,
    "size": 0.28,
    "exec_date": "2021-09-27T09:44:42.7804868Z"
  },
  {
    "side": "BUY",
    "price": 5014518,
    "size": 0.56,
    "exec_date": "2021-09-27T09:44:42.9316844Z"
  },
  {
    "side": "SELL",
    "price": 5014263,
    "size": 0.33,
    "exec_date": "2021-09-27T09:44:43.5526026Z"
  },
  {
    "side": "SELL",
    "price": 5014260,
    "size": 0.46,
    "exec_date": "2021-09-27T09:44:43.5526026Z"
  },
  {
    "side": "SELL",
    "price": 5013650,
    "size": 0.346,
    "exec_date": "2021-09-27T09:44:43.5861914Z"
  },
  {
    "side": "SELL",
    "price": 5013445,
    "size": 0.4,
    "exec_date": "2021-09-27T09:44:43.5861914Z"
  },
  {
    "side": "SELL",
    "price": 5013274,
    "size": 0.504,
    "exec_date": "2021-09-27T09:44:43.5861914Z"
  },
  {
    "side": "SELL",
    "price": 5013021,
    "size": 0.57,
    "exec_date": "2021-09-27T09:44:43.6386106Z"
  },
  {
    "side": "SELL",
    "price": 5012603,
    "size": 0.45,
    "exec_date": "2021-09-27T09:44:43.6706504Z"
  },
  {
    "side": "SELL",
    "price": 5012346,
    "size": 0.45,
    "exec_date": "2021-09-27T09:44:43.6706504Z"
  },
  {
    "side": "SELL",
    "price": 5012646,
    "size": 0.11,
    "exec_date": "2021-09-27T09:44:44.0154408Z"
  },
  {
    "side": "SELL",
    "price": 5012346,
    "size": 0.02,
    "exec_date": "2021-09-27T09:44:44.0154408Z"
  },
  {
    "side": "BUY",
    "price": 5012860,
    "size": 0.19,
    "exec_date": "2021-09-27T09:44:46.6189983Z"
  },
  {
    "side": "SELL",
    "price": 5012555,
    "size": 0.47,
    "exec_date": "2021-09-27T09:44:47.4713576Z"
  },
  {
    "side": "SELL",
    "price": 5012334,
    "size": 0.21,
    "exec_date": "2021-09-27T09:44:47.4713576Z"
  },
  {
    "side": "SELL",
    "price": 5012334,
    "size": 0.47,
    "exec_date": "2021-09-27T09:44:47.5385145Z"
  },
  {
    "side": "SELL",
    "price": 5012143,
    "size": 0.03,
    "exec_date": "2021-09-27T09:44:47.5385145Z"
  },
  {
    "side": "SELL",
    "price": 5011864,
    "size": 0.24,
    "exec_date": "2021-09-27T09:44:47.5385145Z"
  },
  {
    "side": "SELL",
    "price": 5011829,
    "size": 0.02,
    "exec_date": "2021-09-27T09:44:47.5385145Z"
  },
  {
    "side": "SELL",
    "price": 5011028,
    "size": 0.53,
    "exec_date": "2021-09-27T09:44:48.0941483Z"
  },
  {
    "side": "SELL",
    "price": 5011027,
    "size": 0.22,
    "exec_date": "2021-09-27T09:44:48.0941483Z"
  },
  {
    "side": "SELL",
    "price": 5011027,
    "size": 0.436,
    "exec_date": "2021-09-27T09:44:48.1109069Z"
  },
  {
    "side": "SELL",
    "price": 5010999,
    "size": 0.33,
    "exec_date": "2021-09-27T09:44:48.1265339Z"
  },
  {
    "side": "SELL",
    "price": 5010999,
    "size": 0.45,
    "exec_date": "2021-09-27T09:44:48.1265339Z"
  },
  {
    "side": "SELL",
    "price": 5010999,
    "size": 0.26,
    "exec_date": "2021-09-27T09:44:48.1276941Z"
  },
  {
    "side": "SELL",
    "price": 5010999,
    "size": 0.07,
    "exec_date": "2021-09-27T09:44:48.1276941Z"
  },
  {
    "side": "SELL",
    "price": 5010667,
    "size": 0.22,
    "exec_date": "2021-09-27T09:44:48.2283518Z"
  },
  {
    "side": "SELL",
    "price": 5010584,
    "size": 0.54,
    "exec_date": "2021-09-27T09:44:48.2283518Z"
  },
  {
    "side": "SELL",
    "price": 5010583,
    "size": 0.17,
    "exec_date": "2021-09-27T09:44:48.2283518Z"
  },
  {
    "side": "SELL",
    "price": 5010583,
    "size": 0.42,
    "exec_date": "2021-09-27T09:44:48.4303621Z"
  },
  {
    "side": "BUY",
    "price": 5010746,
    "size": 0.61,
    "exec_date": "2021-09-27T09:44:48.6177358Z"
  },
  {
    "side": "SELL",
    "price": 5010583,
    "size": 0.456,
    "exec_date": "2021-09-27T09:44:48.6287365Z"
  },
  {
    "side": "SELL",
    "price": 5010561,
    "size": 0.45,
    "exec_date": "2021-09-27T09:44:48.6287365Z"
  },
  {
    "side": "SELL",
    "price": 5010503,
    "size": 0.24,
    "exec_date": "2021-09-27T09:44:48.6287365Z"
  },
  {
    "side": "SELL",
    "price": 5010455,
    "size": 0.051,
    "exec_date": "2021-09-27T09:44:48.6287365Z"
  },
  {
    "side": "SELL",
    "price": 5010360,
    "size": 0.48,
    "exec_date": "2021-09-27T09:44:48.6287365Z"
  },
  {
    "side": "SELL",
    "price": 5009624,
    "size": 0.32,
    "exec_date": "2021-09-27T09:44:48.9974569Z"
  },
  {
    "side": "SELL",
    "price": 5009467,
    "size": 0.09,
    "exec_date": "2021-09-27T09:44:50.3140584Z"
  },
  {
    "side": "SELL",
    "price": 5009203,
    "size": 0.22,
    "exec_date": "2021-09-27T09:44:51.176085Z"
  },
  {
    "side": "BUY",
    "price": 5009623,
    "size": 0.27,
    "exec_date": "2021-09-27T09:44:53.2814612Z"
  },
  {
    "side": "BUY",
    "price": 5009624,
    "size": 0.31,
    "exec_date": "2021-09-27T09:44:53.2814612Z"
  },
  {
    "side": "BUY",
    "price": 5009203,
    "size": 0.2,
    "exec_date": "2021-09-27T09:44:54.5662542Z"
  },
  {
    "side": "BUY",
    "price": 5009623,
    "size": 0.1,
    "exec_date": "2021-09-27T09:44:54.7165422Z"
  },
  {
    "side": "BUY",
    "price": 5009624,
    "size": 0.24,
    "exec_date": "2021-09-27T09:44:54.7175501Z"
  },
  {
    "side": "BUY",
    "price": 5009624,
    "size": 0.3,
    "exec_date": "2021-09-27T09:44:54.8996462Z"
  },
  {
    "side": "SELL",
    "price": 5009528,
    "size": 0.58,
    "exec_date": "2021-09-27T09:44:56.4331563Z"
  },
  {
    "side": "SELL",
    "price": 5009404,
    "size": 0.34,
    "exec_date": "2021-09-27T09:44:56.4331563Z"
  },
  {
    "side": "BUY",
    "price": 5008960,
    "size": 0.03,
    "exec_date": "2021-09-27T09:44:57.1245801Z"
  },
  {
    "side": "BUY",
    "price": 5009404,
    "size": 0.41,
    "exec_date": "2021-09-27T09:44:57.1245801Z"
  },
  {
    "side": "BUY",
    "price": 5009404,
    "size": 0.03,
    "exec_date": "2021-09-27T09:44:57.4672176Z"
  },
  {
    "side": "BUY",
    "price": 5009624,
    "size": 0.1,
    "exec_date": "2021-09-27T09:44:58.0924434Z"
  },
  {
    "side": "BUY",
    "price": 5009404,
    "size": 0.53,
    "exec_date": "2021-09-27T09:44:58.5008512Z"
  },
  {
    "side": "SELL",
    "price": 5009043,
    "size": 0.33,
    "exec_date": "2021-09-27T09:44:58.5018795Z"
  },
  {
    "side": "BUY",
    "price": 5009043,
    "size": 0.4,
    "exec_date": "2021-09-27T09:45:00.3344365Z"
  },
  {
    "side": "SELL",
    "price": 5009043,
    "size": 0.59,
    "exec_date": "2021-09-27T09:45:00.6197732Z"
  },
  {
    "side": "BUY",
    "price": 5009576,
    "size": 0.14,
    "exec_date": "2021-09-27T09:45:01.1749178Z"
  },
  {
    "side": "BUY",
    "price": 5009591,
    "size": 0.11,
    "exec_date": "2021-09-27T09:45:01.1749178Z"
  },
  {
    "side": "BUY",
    "price": 5009624,
    "size": 0.24,
    "exec_date": "2021-09-27T09:45:01.6679086Z"
  },
  {
    "side": "SELL",
    "price": 5009043,
    "size": 0.32,
    "exec_date": "2021-09-27T09:45:01.9305889Z"
  },
  {
    "side": "SELL",
    "price": 5009042,
    "size": 0.43,
    "exec_date": "2021-09-27T09:45:02.0419984Z"
  },
  {
    "side": "SELL",
    "price": 5008623,
    "size": 0.43,
    "exec_date": "2021-09-27T09:45:02.0419984Z"
  },
  {
    "side": "SELL",
    "price": 5008500,
    "size": 0.27,
    "exec_date": "2021-09-27T09:45:02.0756342Z"
  },
  {
    "side": "SELL",
    "price": 5008500,
    "size": 0.16,
    "exec_date": "2021-09-27T09:45:02.109297Z"
  },
  {
    "side": "SELL",
    "price": 5008260,
    "size": 0.26,
    "exec_date": "2021-09-27T09:45:02.109297Z"
  },
  {
    "side": "SELL",
    "price": 5008188,
    "size": 0.04,
    "exec_date": "2021-09-27T09:45:02.109297Z"
  },
  {
    "side": "SELL",
    "price": 5008148,
    "size": 0.516,
    "exec_date": "2021-09-27T09:45:02.109297Z"
  },
  {
    "side": "SELL",
    "price": 5008134,
    "size": 0.61,
    "exec_date": "2021-09-27T09:45:02.109297Z"
  },
  {
    "side": "SELL",
    "price": 5008129,
    "size": 0.265,
    "exec_date": "2021-09-27T09:45:02.109297Z"
  }
]
